<record><leader>00000cas a2200000 a 4500</leader><controlfield tag="001">12240578</controlfield><controlfield tag="008">850708d18881891ksuwr ne      0    0eng d</controlfield><datafield ind1=" " ind2=" " tag="010"><subfield code="a">sn 85029407 </subfield></datafield><datafield ind1=" " ind2=" " tag="040"><subfield code="a">KSH</subfield><subfield code="b">eng</subfield><subfield code="c">KSH</subfield><subfield code="d">NPT</subfield><subfield code="d">OCL</subfield><subfield code="d">OCLCQ</subfield></datafield><datafield ind1=" " ind2=" " tag="042"><subfield code="a">msc</subfield></datafield><datafield ind1="0" ind2=" " tag="130"><subfield code="a">Osage County times (Scranton, Kan.)</subfield></datafield><datafield ind1="1" ind2="0" tag="245"><subfield code="a">Osage County times.</subfield></datafield><datafield ind1=" " ind2=" " tag="260"><subfield code="a">Scranton, Kan. :</subfield><subfield code="b">James Cox,</subfield><subfield code="c">1888-</subfield></datafield><datafield ind1=" " ind2=" " tag="300"><subfield code="a">v. :</subfield><subfield code="b">ill. ;</subfield><subfield code="c">54-59 cm.</subfield></datafield><datafield ind1=" " ind2=" " tag="310"><subfield code="a">Weekly</subfield></datafield><datafield ind1="0" ind2=" " tag="362"><subfield code="a">Vol. 1, no. 1 (Apr. 21, 1888)-</subfield></datafield><datafield ind1="1" ind2=" " tag="362"><subfield code="a">Ceased with Oct. 16, 1891 issue?</subfield></datafield><datafield ind1=" " ind2=" " tag="500"><subfield code="a">Published at: Burlingame, Kan., Oct. 24, 1889-Dec. 12, 1890; Osage City, Kan., Jan. 2-Oct. 16, 1891.</subfield></datafield><datafield ind1=" " ind2=" " tag="500"><subfield code="a">Published by: George Hoover, Feb. 22, 1889-Feb. 20, 1890; W.Y. Hoover, &lt;Apr. 4, 1890&gt;-</subfield></datafield><datafield ind1=" " ind2=" " tag="515"><subfield code="a">No paper issued Oct. 17, 1889; Dec. 19-26, 1890.</subfield></datafield><datafield ind1=" " ind2=" " tag="515"><subfield code="a">Suspended with Feb. 20, 1890 issue; resumed with Apr. 4, 1890 issue?</subfield></datafield><datafield ind1=" " ind2=" " tag="752"><subfield code="a">United States</subfield><subfield code="b">Kansas</subfield><subfield code="c">Osage</subfield><subfield code="d">Scranton.</subfield></datafield><datafield ind1=" " ind2=" " tag="752"><subfield code="a">United States</subfield><subfield code="b">Kansas</subfield><subfield code="c">Osage</subfield><subfield code="d">Burlingame.</subfield></datafield><datafield ind1=" " ind2=" " tag="752"><subfield code="a">United States</subfield><subfield code="b">Kansas</subfield><subfield code="c">Osage</subfield><subfield code="d">Osage City.</subfield></datafield><datafield ind1="0" ind2="5" tag="780"><subfield code="t">Carbondale record (Carbondale, Kan. : 1888)</subfield><subfield code="w">(DLC)sn 85029364</subfield></datafield><datafield ind1="0" ind2="5" tag="780"><subfield code="t">Burlingame democrat</subfield><subfield code="g">Mar. 28, 1890</subfield><subfield code="w">(DLC)SN 85029343</subfield></datafield></record>